<record><leader>00000cas a2200000 a 4500</leader><controlfield tag="001">11947134</controlfield><controlfield tag="008">850422d191u1912ksudr ne      0    0eng d</controlfield><datafield ind1=" " ind2=" " tag="010"><subfield code="a">sn 85031370 </subfield></datafield><datafield ind1=" " ind2=" " tag="040"><subfield code="a">KSH</subfield><subfield code="b">eng</subfield><subfield code="c">KSH</subfield><subfield code="d">NPT</subfield><subfield code="d">OCL</subfield><subfield code="d">OCLCQ</subfield></datafield><datafield ind1=" " ind2=" " tag="042"><subfield code="a">msc</subfield></datafield><datafield ind1="0" ind2=" " tag="130"><subfield code="a">Evening journal (Blue Rapids, Kan.)</subfield></datafield><datafield ind1="1" ind2="4" tag="245"><subfield code="a">The evening journal.</subfield></datafield><datafield ind1="1" ind2="3" tag="246"><subfield code="a">Blue Rapids daily journal</subfield><subfield code="f">Mar. 26, 1912</subfield></datafield><datafield ind1=" " ind2=" " tag="260"><subfield code="a">Blue Rapids, Kan. :</subfield><subfield code="b">George C. Hall,</subfield><subfield code="c">-1912.</subfield></datafield><datafield ind1=" " ind2=" " tag="300"><subfield code="a">v. :</subfield><subfield code="b">ill. ;</subfield><subfield code="c">38-54 cm.</subfield></datafield><datafield ind1=" " ind2=" " tag="310"><subfield code="a">Daily (except Sunday)</subfield></datafield><datafield ind1="0" ind2=" " tag="362"><subfield code="a">-v. 1, no. 104 (Apr. 10, 1912).</subfield></datafield><datafield ind1=" " ind2=" " tag="752"><subfield code="a">United States</subfield><subfield code="b">Kansas</subfield><subfield code="c">Marshall</subfield><subfield code="d">Blue Rapids.</subfield></datafield><datafield ind1="0" ind2="4" tag="785"><subfield code="t">Blue Rapids times</subfield><subfield code="w">(DLC)sn 84027604</subfield></datafield><datafield ind1="1" ind2=" " tag="029"><subfield code="a">AU@</subfield><subfield code="b">000023601542</subfield></datafield></record>